%	This is written by Zhiyang Ong.
%	This is a BibTeX database for BibTeX references/records.

%	The MIT License (MIT)

%	Copyright (c) <2014> <Zhiyang Ong>

%	Permission is hereby granted, free of charge, to any person obtaining a copy of this software and associated documentation files (the "Software"), to deal in the Software without restriction, including without limitation the rights to use, copy, modify, merge, publish, distribute, sublicense, and/or sell copies of the Software, and to permit persons to whom the Software is furnished to do so, subject to the following conditions:

%	The above copyright notice and this permission notice shall be included in all copies or substantial portions of the Software.

%	THE SOFTWARE IS PROVIDED "AS IS", WITHOUT WARRANTY OF ANY KIND, EXPRESS OR IMPLIED, INCLUDING BUT NOT LIMITED TO THE WARRANTIES OF MERCHANTABILITY, FITNESS FOR A PARTICULAR PURPOSE AND NONINFRINGEMENT. IN NO EVENT SHALL THE AUTHORS OR COPYRIGHT HOLDERS BE LIABLE FOR ANY CLAIM, DAMAGES OR OTHER LIABILITY, WHETHER IN AN ACTION OF CONTRACT, TORT OR OTHERWISE, ARISING FROM, OUT OF OR IN CONNECTION WITH THE SOFTWARE OR THE USE OR OTHER DEALINGS IN THE SOFTWARE.

%	Email address: echo "cukj -wb- 23wU4X5M589 TROJANS cqkH wiuz2y 0f Mw Stanford" | awk '{ sub("23wU4X5M589","F.d_c_b. ") sub("Stanford","d0mA1n"); print $5, $2, $8; for (i=1; i<=1; i++) print "6\b"; print $9, $7, $6 }' | sed y/kqcbuHwM62z/gnotrzadqmC/ | tr 'q' ' ' | tr -d [:cntrl:] | tr -d 'ir' | tr y "\n"

%%%%%%%%%%%%%%%%%%%%%%%%%%%%%%%%%%%%%%%%%%%%%%




@book{Zwolinski2010,
	Address = {Boston, {MA}},
	Author = {Zwolinski, Mark},
	Publisher = {Pearson Education},
	Series = {Prentice Hall Modern Semiconductor Design},
	Title = {Digital System Design with {SystemVerilog}},
	Year = {2010}}

@book{Yuan2006,
	Address = {New York, {NY}},
	Author = {Yuan, Jun and Pixley, Carl and Aziz, Adnan},
	Doi = {http://dx.doi.org/10.1007/0-387-30784-2},
	Publisher = {Springer Science+Business Media, {Inc.}},
	Title = {Constrained-Based Verification},
	Year = {2006},
	Bdsk-Url-1 = {http://dx.doi.org/10.1007/0-387-30784-2}}

@book{Vijayaraghavan2005,
	Address = {New York, {NY}},
	Author = {Vijayaraghavan, Srikanth and Ramanathan, Meyyappan},
	Doi = {http://dx.doi.org/10.1007/b137011},
	Publisher = {Springer Science+Business Media, {Inc.}},
	Title = {A Practical Guide for {SystemVerilog} Assertions},
	Year = {2005},
	Bdsk-Url-1 = {http://dx.doi.org/10.1007/b137011}}

@misc{Tala2014a,
	Author = {Tala, Deepak Kumar},
	Howpublished = {Available online at: \url{http://www.asic-world.com/index.html}; March 15, 2014 was the last accessed date},
	Month = {February 9},
	Publisher = {Self-published},
	Title = {Welcome to World of {ASIC}},
	Url = {http://www.asic-world.com/index.html},
	Year = {2014},
	Bdsk-Url-1 = {http://www.asic-world.com/index.html}}

@misc{Tala2014,
	Author = {Tala, Deepak Kumar},
	Howpublished = {Available online from {\it Welcome to World of {ASIC}: {SystemVerilog}} at: \url{http://www.asic-world.com/systemverilog/}; March 15, 2014 was the last accessed date},
	Publisher = {Self-published},
	Title = {Welcome to {SystemVerilog} Central},
	Url = {http://www.asic-world.com/systemverilog/},
	Year = {2014},
	Bdsk-Url-1 = {http://www.asic-world.com/systemverilog/}}

@book{Sutherland2007,
	Address = {New York, {NY}},
	Author = {Sutherland, Stuart and Mills, Don},
	Doi = {http://dx.doi.org/10.1007/978-0-387-71715-9},
	Publisher = {Springer Science+Business Media, {LCC}},
	Title = {{Verilog} and {SystemVerilog} Gotchas: 101 Common Coding Errors and How to Avoid Them},
	Year = {2007},
	Bdsk-Url-1 = {http://dx.doi.org/10.1007/978-0-387-71715-9}}

@book{Sutherland2006,
	Address = {New York, {NY}},
	Author = {Sutherland, Stuart and Davidmann, Simon and Flake, Peter},
	Doi = {http://dx.doi.org/10.1007/0-387-36495-1},
	Edition = {Second},
	Publisher = {Springer Science+Business Media, {LCC}},
	Title = {{SystemVerilog} for Design: A Guide to Using {SystemVerilog} for Hardware Design and Modeling},
	Year = {2006},
	Bdsk-Url-1 = {http://dx.doi.org/10.1007/0-387-36495-1}}

@book{Singh2004,
	Address = {Boston, {MA}},
	Author = {Singh, Leena and Drucker, Leonard and Khan, Neyaz},
	Doi = {http://dx.doi.org/10.1007/b105272},
	Publisher = {Kluwer Academic Publishers},
	Title = {Advanced Verification Techniques: A {SystemC} Based Approach for Successful Tapeout},
	Year = {2004},
	Bdsk-Url-1 = {http://dx.doi.org/10.1007/b105272}}

@incollection{Safari2007,
	Address = {Boca Raton, {FL}},
	Author = {Safari, Saeed},
	Booktitle = {The {VLSI} Handbook},
	Chapter = {90},
	Edition = {Second},
	Pages = {90-1 -- 90-25},
	Publisher = {{CRC} Press},
	Series = {The Electrical Engineering Handbook Series},
	Title = {System Verilog},
	Year = {2007},
	Annote = {When citing from this entry, shift the names of the authors from the author field to the editor field.}}

@book{Pedroni2013,
	Address = {Cambridge, {MA}},
	Author = {Pedroni, Volnei A.},
	Publisher = {{MIT} Press},
	Title = {Finite State Machines in Hardware: Theory and Design (with {VHDL} and {SystemVerilog})},
	Year = {2013}}

@book{Mintz2007,
	Address = {New York, {NY}},
	Author = {Mintz, Mike and Ekendahl, Robert},
	Doi = {http://dx.doi.org/10.1007/978-0-387-71740-1},
	Publisher = {Springer Science+Business Media, {LCC}},
	Title = {Hardware Verification with {\it SystemVerilog}: An Object-Oriented Framework},
	Year = {2007},
	Bdsk-Url-1 = {http://dx.doi.org/10.1007/978-0-387-71740-1}}

@book{Mehta2014,
	Address = {New York, {NY}},
	Author = {Mehta, Ashok B.},
	Doi = {http://dx.doi.org/10.1007/978-1-4614-7324-4},
	Publisher = {Springer Science+Business Media New York},
	Title = {{SystemVerilog} Assertions and Functional Coverage: Guide to Language, Methodology and Applications},
	Year = {2014},
	Bdsk-Url-1 = {http://dx.doi.org/10.1007/978-1-4614-7324-4}}

@book{Marwedel2011,
	Address = {Heidelberg, Germany},
	Author = {Marwedel, Peter},
	Doi = {http://dx.doi.org/10.1007/978-94-007-0257-8},
	Edition = {Second},
	Publisher = {Springer Science+Business Media, {B.V.}},
	Series = {Embedded Systems},
	Title = {Embedded System Design: Embedded Systems Foundations of Cyber-Physical Systems},
	Year = {2011},
	Bdsk-Url-1 = {http://dx.doi.org/10.1007/978-94-007-0257-8}}

@misc{Krishna2007,
	Author = {Krishna, Gopi},
	Howpublished = {Available online at: \url{http://www.testbench.in/}; March 15, 2014 was the last accessed date},
	Publisher = {Self-published},
	Title = {www.testbench.in},
	Url = {http://www.testbench.in/},
	Year = {2007},
	Bdsk-Url-1 = {http://www.testbench.in/}}

@misc{KacperTechnologies2013,
	Address = {Bengaluru, India},
	Author = {Ltd., Kacper Technologies Pvt.},
	Howpublished = {Available online at: \url{http://www.systemverilog.in/index.php}; March 15, 2014 was the last accessed date},
	Publisher = {Kacper Technologies Pvt. Ltd.},
	Title = {SystemVerilog.in},
	Url = {http://www.systemverilog.in/index.php},
	Year = {2013},
	Bdsk-Url-1 = {http://www.systemverilog.in/index.php}}

@book{Iman2009,
	Address = {New York, {NY}},
	Author = {Iman, Sasan},
	Publisher = {McGraw-Hill},
	Series = {Electronic Engineering},
	Title = {{SystemVerilog} Functional Verification},
	Year = {2009}}

@book{Haque2006,
	Address = {Fremont, {CA}},
	Author = {Haque, Faisal I. and Khan, Khizar A. and Michelson, Jonathan},
	Publisher = {Verification Central},
	Title = {The Art of Verification with {SystemVerilog Assertions}},
	Year = {2006}}

@book{Foster2004a,
	Address = {New York, {NY}},
	Author = {Foster, Harry D. and Krolnik, Adam C. and Lacey, David J.},
	Doi = {http://dx.doi.org/10.1007/b117047},
	Edition = {Second},
	Publisher = {Kluwer Academic Publishers},
	Title = {Assertion-Based Design},
	Year = {2004},
	Bdsk-Url-1 = {http://dx.doi.org/10.1007/b117047}}

@misc{DoulosLtd2014f,
	Address = {Ringwood, Hampshire, England, {U.K.}},
	Author = {{Doulos Ltd.}},
	Howpublished = {Available online from {\it Doulos Ltd.: KnowHow: The Guide to {SystemVerilog}} at: \url{https://www.doulos.com/knowhow/sysverilog/}; March 15, 2014 was the last accessed date},
	Publisher = {Doulos Ltd.},
	Title = {The Guide to {SystemVerilog}},
	Url = {https://www.doulos.com/knowhow/sysverilog/},
	Year = {2014},
	Bdsk-Url-1 = {https://www.doulos.com/knowhow/sysverilog/}}

@book{DoulosLtd2012,
	Address = {Ringwood, Hampshire, England, {U.K.}},
	Author = {{Doulos Ltd.}},
	Publisher = {Doulos Ltd.},
	Series = {Doulos Golden Reference Guide},
	Title = {{SystemVerilog} Golden Reference Guide: A Concise Guide to SystemVerilog},
	Year = {2012}}

@techreport{DASC2013,
	Address = {New York, {NY}},
	Author = {{Design Automation Standards Committee of the IEEE Computer Society} and {IEEE Standards Association Corporate Advisory Group}},
	Doi = {http://dx.doi.org/10.1109/IEEESTD.2013.6469140},
	Howpublished = {Available online at: \url{http://standards.ieee.org/getieee/1685/download/1685-2009.pdf}; February 27, 2013 was the last accessed date},
	Institution = {{The Institute of Electrical and Electronics Engineers}},
	Month = {February 21},
	Title = {{IEEE} Standard for {SystemVerilog}--Unified Hardware Design, Specification, and Verification Language},
	Url = {http://standards.ieee.org/getieee/1800/download/1800-2012.pdf},
	Year = {2013},
	Bdsk-Url-1 = {http://standards.ieee.org/getieee/1800/download/1800-2012.pdf},
	Bdsk-Url-2 = {http://dx.doi.org/10.1109/IEEESTD.2013.6469140}}

@techreport{DASC2009a,
	Address = {New York, {NY}},
	Author = {{Design Automation Standards Committee of the IEEE Computer Society} and {IEEE Standards Association Corporate Advisory Group}},
	Doi = {http://dx.doi.org/10.1109/IEEESTD.2009.5354441},
	Institution = {{The Institute of Electrical and Electronics Engineers}},
	Month = {December 11},
	Title = {{IEEE} Standard for {SystemVerilog} -- Unified Hardware Design, Specification, and Verification Language},
	Year = {2009},
	Bdsk-Url-1 = {http://dx.doi.org/10.1109/IEEESTD.2009.5354441}}

@book{Cohen2005,
	Address = {Palos Verdes Peninsula, {CA}},
	Author = {Cohen, Ben and Venkataramanan, Srinivasan and Kumari, Ajeetha},
	Publisher = {{VhdlCohen} Publishing},
	Title = {{SystemVerilog} Assertions Handbook\dots\ for Formal and Dynamic Verification},
	Year = {2005}}

@book{Chen2007,
	Address = {Boca Raton, {FL}},
	Author = {Chen, Wai-Kai},
	Edition = {Second},
	Publisher = {{CRC} Press},
	Series = {The Electrical Engineering Handbook Series},
	Title = {The {VLSI} Handbook},
	Year = {2007},
	Annote = {When citing from this entry, shift the names of the authors from the author field to the editor field.}}

@book{Cerny2010,
	Address = {New York, {NY}},
	Author = {Cerny, Eduard and Dudani, Surrendra and Havlicek, John and Korchemny, Dmitry},
	Doi = {http://dx.doi.org/10.1007/978-1-4419-6600-1},
	Publisher = {Springer Science+Business Media, {LCC}},
	Title = {The Power of Assertions in {SystemVerilog}},
	Year = {2010},
	Bdsk-Url-1 = {http://dx.doi.org/10.1007/978-1-4419-6600-1}}

@book{Bhasker2010,
	Address = {Allentown, {PA}},
	Author = {Bhasker, J.},
	Publisher = {Star Galaxy Publishing},
	Title = {A {SystemVerilog} Primer},
	Year = {2010}}

@book{Bergeron2006a,
	Address = {New York, {NY}},
	Author = {Bergeron, Janick and Cerny, Eduard and Hunter, Alan and Nightingale, Andrew},
	Doi = {http://dx.doi.org/10.1007/b135575},
	Publisher = {Springer Science+Business Media, {Inc.}},
	Title = {Verification Methodology Manual for {SystemVerilog}},
	Year = {2006},
	Bdsk-Url-1 = {http://dx.doi.org/10.1007/b135575}}

@book{Bergeron2006,
	Address = {New York, {NY}},
	Author = {Bergeron, Janick},
	Doi = {http://dx.doi.org/10.1007/0-387-31275-7},
	Publisher = {Springer Science+Business Media, {Inc.}},
	Title = {Writing Testbenches using {SystemVerilog}},
	Year = {2006},
	Annote = {Figure 1-14 on page 21 indicates Type I (false negative) and Type II (false positive) mistakes in design verification/validation.},
	Bdsk-Url-1 = {http://dx.doi.org/10.1007/0-387-31275-7}}

@book{Bailey2010,
	Address = {San Jose, {CA}},
	Author = {Bailey, Brian and Balarin, Felice and McNamara, Michael and Mosenson, Guy and Stellfox, Michael and Watanabe, Yosinori},
	Publisher = {Cadence Design Systems, Inc.},
	Title = {{TLM}-Driven Design and Verification Methodology},
	Year = {2010}}

@techreport{Accellera2004b,
	Address = {Napa, {CA}},
	Author = {Accellera},
	Howpublished = {Available online at: \url{http://www.eda.org/sv/SystemVerilog_3.1a.pdf}; November 21, 2011 was the last accessed date},
	Institution = {Accellera},
	Month = {May 13},
	Title = {{SystemVerilog} 3.1a Language Reference Manual: {Accellera}'s Extensions to {Verilog}\textregistered},
	Url = {http://www.eda.org/sv/SystemVerilog_3.1a.pdf},
	Year = {2004},
	Bdsk-Url-1 = {http://www.eda.org/sv/SystemVerilog_3.1a.pdf}}

@techreport{Accellera2003,
	Address = {Napa, {CA}},
	Author = {Accellera},
	Howpublished = {Available online at: \url{http://www.eda.org/sv/SystemVerilog_3.1_final.pdf}; November 21, 2011 was the last accessed date},
	Institution = {Accellera},
	Title = {{SystemVerilog} 3.1: {Accellera}'s Extensions to {Verilog}\textregistered},
	Url = {http://www.eda.org/sv/SystemVerilog_3.1_final.pdf},
	Year = {2003},
	Bdsk-Url-1 = {http://www.eda.org/sv/SystemVerilog_3.1_final.pdf}}

@book{Spear2012,
	Address = {New York, {NY}},
	Author = {Spear, Chris and Tumbush, Greg},
	Doi = {http://dx.doi.org/10.1007/978-1-4614-0715-7},
	Edition = {Third},
	Publisher = {Springer Science+Business Media, {LCC}},
	Title = {{SystemVerilog} for Verification: A Guide to Learning the Testbench Language Features},
	Year = {2012},
	Bdsk-Url-1 = {http://dx.doi.org/10.1007/978-1-4614-0715-7}}

@book{Banerjee2014,
	Address = {Cham, Switzerland},
	Author = {Banerjee, Amal and Sur, Balmiki},
	Doi = {http://dx.doi.org/10.1007/978-3-319-01147-9},
	Keywords = {SystemC, SystemC-AMS},
	Publisher = {Springer International Publishing Switzerland},
	Title = {{SystemC} and {SystemC-AMS} in Practice: {SystemC} 2.3, 2.2 and {SystemC-AMS} 1.0},
	Year = {2014},
	Bdsk-Url-1 = {http://dx.doi.org/10.1007/978-3-319-01147-9}}

@book{Popovici2010,
	Address = {New York, {NY}},
	Author = {Popovici, Katalin and Rousseau, Fr{\'{e}}d{\'{e}}ric and Jerraya, Ahmed A. and Wolf, Marilyn},
	Doi = {http://dx.doi.org/10.1007/978-1-4419-5567-8},
	Publisher = {Springer Science+Business Media, {LCC}},
	Series = {Embedded Systems},
	Title = {Embedded Software Design and Programming of Multiprocessor System-on-Chip: {Simulink} and {System C} Case Studies},
	Year = {2010},
	Bdsk-Url-1 = {http://dx.doi.org/10.1007/978-1-4419-5567-8}}

@book{Herber2010,
	Address = {Berlin, Germany},
	Author = {Herber, Paula},
	Publisher = {Logos Verlag Berlin {GmbH}},
	Title = {A Framework for Automated {HW/SW} Co-Verification of {SystemC} Designs using Timed Automata},
	Year = {2010}}

@book{Grotker2002,
	Address = {New York, {NY}},
	Author = {Gr{\"{o}}tker, Thorsten and Liao, Stan and Martin, Grant and Swan, Stuart},
	Date-Added = {2013-11-06 01:19:00 +0200},
	Date-Modified = {2013-11-16 02:42:51 +0000},
	Doi = {http://dx.doi.org/10.1007/b116588},
	Keywords = {SystemC},
	Publisher = {Kluwer Academic Publishers},
	Title = {System Design with {SystemC}},
	Year = {2002},
	Bdsk-Url-1 = {http://dx.doi.org/10.1007/b116588}}

@book{GroBe2010,
	Address = {Dordrecht, {The Netherlands}},
	Author = {Gro${\beta}$e, Daniel and Drechsler, Rolf},
	Doi = {http://dx.doi.org/10.1007/978-90-481-3631-5},
	Publisher = {Springer Science+Business Media, {B.V.}},
	Title = {Quality-Driven {SystemC} Design},
	Year = {2010},
	Bdsk-Url-1 = {http://dx.doi.org/10.1007/978-90-481-3631-5}}

@book{DoulosLtd2006,
	Address = {Ringwood, Hampshire, England, {U.K.}},
	Author = {{Doulos Ltd.}},
	Publisher = {Doulos Ltd.},
	Series = {Doulos Golden Reference Guide},
	Title = {{SystemC} Golden Reference Guide: A Concise Guide to {SystemC}},
	Year = {2006}}

@book{Chen2009b,
	Address = {Boca Raton, {FL}},
	Author = {Chen, {Wai-Kai}},
	Edition = {Third},
	Publisher = {{CRC} Press},
	Series = {The Circuits and Filters Handbook},
	Title = {Computer Aided Design and Design Automation},
	Year = {2009},
	Annote = {When citing from this entry, shift the names of the authors from the author field to the editor field.}}

@book{Burton2006,
	Address = {Dordrecht, {The Netherlands}},
	Author = {Burton, Mark and Morawiec, Adam},
	Date-Added = {2012-02-08 18:00:44 +0100},
	Date-Modified = {2012-03-24 12:04:13 +0100},
	Doi = {http://dx.doi.org/10.1007/1-4020-5138-7},
	Keywords = {platform-based design, programmable platforms, programmable platform characterization, system-level performance analysis, SoC platform, SystemC modeling, transaction-level modeling, TLM, configurable processors, platform-driven ESL design, quantitative embedded system architecture, quantitative embedded system performance analysis, PBD, electronic system-level, ESL, ESL design, ESL design automation, ESL design flow, SystemC},
	Publisher = {Springer},
	Title = {Platform Based Design at the Electronic System Level: Industry Perspectives and Experiences},
	Year = {2006},
	Bdsk-Url-1 = {http://dx.doi.org/10.1007/1-4020-5138-7}}

@book{Black2010,
	Address = {New York, {NY}},
	Author = {Black, David C. and Donovan, Jack and Bunton, Bill and Keist, Anna},
	Doi = {http://dx.doi.org/10.1007/978-0-387-69958-5},
	Edition = {Second},
	Publisher = {Springer Science+Business Media, {LCC}},
	Title = {{SystemC}: From the Ground Up},
	Year = {2010},
	Bdsk-Url-1 = {http://dx.doi.org/10.1007/978-0-387-69958-5}}

@book{Bhasker2004,
	Address = {Allentown, {PA}},
	Author = {Bhasker, J.},
	Edition = {Second},
	Publisher = {Star Galaxy Publishing},
	Title = {A {SystemC}$^{\texttrademark}$ Primer},
	Year = {2004}}

@book{Bhasker2002,
	Address = {Allentown, {PA}},
	Author = {Bhasker, J.},
	Publisher = {Star Galaxy Publishing},
	Title = {A {SystemC}$^{\texttrademark}$\ Primer},
	Year = {2002}}

@book{Bailey2010a,
	Address = {New York, {NY}},
	Author = {Bailey, Brian and Martin, Grant},
	Doi = {http://dx.doi.org/10.1007/978-1-4419-0965-7},
	Publisher = {Springer Science+Business Media, {LCC}},
	Series = {Embedded Systems},
	Title = {{ESL} Models and their Application: Electronic System Level Design and Verification in Practice},
	Year = {2010},
	Bdsk-Url-1 = {http://dx.doi.org/10.1007/978-1-4419-0965-7}}

@book{Bailey2005a,
	Address = {Chicago, {IL}},
	Author = {Bailey, Brian},
	Publisher = {International Engineering Consortium},
	Series = {Design Handbook},
	Title = {The Functional Verification of Electronic Systems: An Overview from Various Points of View},
	Year = {2005},
	Annote = {When citing from this entry, shift the names of the authors from the author field to the editor field.}}

@manual{SystemCSWG2009,
	Address = {San Francisco, {CA}},
	Author = {{SystemC Synthesis Working Group}},
	Month = {June 30},
	Organization = {Open {SystemC} Initiative ({OSCI})},
	Title = {{SystemC} Synthesizable Subset: 1.3 Draft},
	Year = {2009}}

@manual{SystemCLWG2005,
	Address = {San Francisco, {CA}},
	Author = {{SystemC Language Working Group}},
	Month = {September 20},
	Organization = {Open {SystemC} Initiative ({OSCI})},
	Title = {{SystemC} 2.1 Features},
	Year = {2005}}

@manual{SystemCLWG2002a,
	Address = {San Francisco, {CA}},
	Author = {{SystemC Language Working Group}},
	Organization = {Open {SystemC} Initiative ({OSCI})},
	Title = {{SystemC} 2.0 User's Guide: Update for {SystemC} 2.0.1},
	Year = {2002}}

@manual{SystemCLWG2002,
	Address = {San Francisco, {CA}},
	Author = {{SystemC Language Working Group}},
	Month = {April 5},
	Organization = {Open {SystemC} Initiative ({OSCI})},
	Title = {Functional specification for {SystemC} 2.0: Update for {SystemC} 2.0.1},
	Year = {2002}}

@manual{Swan2001,
	Address = {San Francisco, {CA}},
	Author = {Swan, Stuart},
	Organization = {Open {SystemC} Initiative ({OSCI})},
	Title = {An Introduction to System Level Modeling in {SystemC} 2.0},
	Year = {2001}}

@misc{DoulosLtd2014c,
	Address = {Ringwood, Hampshire, England, {U.K.}},
	Author = {{Doulos Ltd.}},
	Howpublished = {Available online from {\it Doulos Ltd.: KnowHow: The Guide to {SystemC}} at: \url{https://www.doulos.com/knowhow/systemc/}; March 15, 2014 was the last accessed date},
	Publisher = {Doulos Ltd.},
	Title = {The Guide to {SystemC}},
	Url = {https://www.doulos.com/knowhow/systemc/},
	Year = {2014},
	Bdsk-Url-1 = {https://www.doulos.com/knowhow/systemc/}}

@techreport{DASC2012,
	Address = {New York, {NY}},
	Author = {{Design Automation Standards Committee of the IEEE Computer Society}},
	Howpublished = {Available online at: \url{http://standards.ieee.org/getieee/1666/download/1666-2011.pdf}; November 21, 2011 was the last accessed date},
	Institution = {{The Institute of Electrical and Electronics Engineers, Inc.}},
	Month = {January 9},
	Number = {{IEEE} Std 1666\texttrademark-2011},
	Title = {{IEEE} Standard for {SystemC}\textregistered\ Language Reference Manual},
	Url = {http://standards.ieee.org/getieee/1666/download/1666-2011.pdf},
	Year = {2012},
	Bdsk-Url-1 = {http://standards.ieee.org/getieee/1666/download/1666-2011.pdf}}

@techreport{DASC2006,
	Address = {New York, {NY}},
	Author = {{Design Automation Standards Committee of the IEEE Computer Society}},
	Institution = {{The Institute of Electrical and Electronics Engineers, Inc.}},
	Month = {March 28},
	Title = {{IEEE} Std 1666-2005: {IEEE} Standard {SystemC} Language Reference Manual},
	Year = {2006}}

@incollection{Einwich2004,
	Address = {Dordrecht, {The Netherlands}},
	Author = {Einwich, Karsten and Schwarz, Peter and Grimm, Christoph and Waldschmidt, Klaus},
	Booktitle = {System Specification {\rm \&} Design Languages: Best of {FDL}'02},
	Chapter = {Part I: Analog and Mixed-Signal System Design},
	Doi = {http://dx.doi.org/10.1007/0-306-48734-9_2},
	Editor = {Villar, Eugenio and Mermet, Jean},
	Pages = {19--28},
	Publisher = {Springer Science+Business Media, {Inc.}},
	Title = {Mixed-Signal Extensions for {SystemC}},
	Type = {Proceedings of the Forum on Design Languages ({FDL})},
	Year = {2004},
	Bdsk-Url-1 = {http://dx.doi.org/10.1007/0-306-48734-9_2}}

@manual{Grimm2008,
	Address = {San Francisco, {CA}},
	Author = {Grimm, Christoph and Barnasconi, Martin and Vachoux, Alain and Einwich, Karsten},
	Month = {June},
	Organization = {Open {SystemC} Initiative ({OSCI})},
	Title = {An Introduction to Modeling Embedded Analog/Mixed-Signal Systems using {SystemC AMS} Extensions},
	Url = {http://www.systemc.org/downloads/standards/ams10/OSCI_Whitepaper_SystemC_AMS_extensions.pdf},
	Year = {2008},
	Bdsk-Url-1 = {http://www.systemc.org/downloads/standards/ams10/OSCI_Whitepaper_SystemC_AMS_extensions.pdf}}

@manual{Einwich2010,
	Address = {San Francisco, {CA}},
	Author = {Einwich, Karsten and Grimm, Christoph and Granig, Wolfgang and Noessing, Gerhard and Scherr, Wolfgang and Scotti, Serge and Barnasconi, Martin and Zucchelli, Giorgia and Vachoux, Alain},
	Edition = {Version 2.1},
	Month = {March 8},
	Organization = {Open {SystemC} Initiative ({OSCI})},
	Title = {Requirements specification for {SystemC} Analog Mixed Signal ({AMS}) extensions},
	Url = {http://www.systemc.org/downloads/standards/},
	Year = {2010},
	Bdsk-Url-1 = {http://www.systemc.org/downloads/standards/}}

@manual{Barnasconi2013,
	Address = {Napa, {CA}},
	Author = {Barnasconi, Martin and Einwich, Karsten and Grimm, Christoph and Maehne, Torsten and Vachoux, Alain},
	Howpublished = {Available online at: \url{http://www.accellera.org/downloads/standards/systemc}; March 19, 2013 was the last accessed date},
	Month = {March 19},
	Organization = {{Accellera Systems Initiative}},
	Title = {Standard {SystemC AMS} extensions 2.0 Language Reference Manual},
	Url = {http://www.accellera.org/downloads/standards/systemc},
	Year = {2013},
	Bdsk-Url-1 = {http://www.accellera.org/downloads/standards/systemc}}

@manual{Barnasconi2010a,
	Address = {San Francisco, {CA}},
	Author = {Barnasconi, Martin and Grimm, Christoph and Damm, Markus and Einwich, Karsten and Lou{\"{e}}rat, Marie-Minerve and Maehne, Torsten and Pecheux, Fran{\c{c}}ois and Vachoux, Alain},
	Month = {March 8},
	Organization = {Open {SystemC} Initiative ({OSCI})},
	Title = {{SystemC AMS} extensions User's Guide},
	Url = {http://www.systemc.org/downloads/standards/},
	Year = {2010},
	Bdsk-Url-1 = {http://www.systemc.org/downloads/standards/}}

@manual{Barnasconi2010,
	Address = {San Francisco, {CA}},
	Author = {Barnasconi, Martin and Einwich, Karsten and Grimm, Christoph and Vachoux, Alain},
	Month = {March 8},
	Organization = {Open {SystemC} Initiative ({OSCI})},
	Title = {Standard {SystemC AMS} extensions Language Reference Manual},
	Url = {http://www.systemc.org/downloads/standards/},
	Year = {2010},
	Bdsk-Url-1 = {http://www.systemc.org/downloads/standards/}}

@manual{AMSWG2008a,
	Address = {San Francisco, {CA}},
	Author = {{SystemC AMS Working Group}},
	Month = {December 2},
	Organization = {Open {SystemC} Initiative ({OSCI})},
	Title = {Requirements specification for {SystemC} Analog Mixed Signal ({AMS}) Extensions: Version 2.0},
	Year = {2008}}

@manual{AMSWG2008,
	Address = {San Francisco, {CA}},
	Author = {{SystemC AMS Working Group}},
	Month = {December 3},
	Organization = {Open {SystemC} Initiative ({OSCI})},
	Title = {Draft Standard {SystemC AMS} Extensions: Language Reference Manual},
	Year = {2008}}

@misc{Einwich2005,
	Author = {Einwich, Karsten},
	Howpublished = {Available online at: \url{http://www.systemc-ams.org/documents/fdl2005_einwich.pdf}; March 17, 2011 was the last accessed date},
	Title = {Application of {SystemC/SystemC-AMS} for the Specification of a Complex Wired Telecommunication System},
	Url = {http://www.systemc-ams.org/documents/fdl2005_einwich.pdf},
	Year = {2005},
	Bdsk-Url-1 = {http://www.systemc-ams.org/documents/fdl2005_einwich.pdf}}

@misc{Einwich2002,
	Author = {Einwich, Karsten and Grimm, Christoph and Vachoux, Alain and Madrid, Natividad Martinez and Moreno, Felipe Ruiz and Meise, Christian},
	Howpublished = {Available online at: \url{http://www.systemc-ams.org/documents/systemc_ams_white_paper.pdf}; February 10, 2010 was the last accessed date},
	Month = {May 7},
	Title = {Analog Mixed Signal Extensions for {SystemC}: White paper and proposal for the foundation of an {OSCI} Working Group ({SystemC-AMS} working group)},
	Url = {http://www.systemc-ams.org/publications.php#white_papers},
	Year = {2002},
	Bdsk-Url-1 = {http://www.systemc-ams.org/publications.php#white_papers}}
